<?xml version="1.0" encoding="UTF-8"?><collection xmlns="http://www.loc.gov/MARC21/slim"><record><leader>00541nam--2200169-i-4500</leader><controlfield tag="001">000008938</controlfield><controlfield tag="002">20161230</controlfield><controlfield tag="005">20161230201028</controlfield><controlfield tag="008">060222s1000------------r-----000-0-eng-d</controlfield><datafield ind1=" " ind2=" " tag="040"><subfield code="a">IFIN-HH</subfield></datafield><datafield ind1=" " ind2=" " tag="080"><subfield code="a">539.1.074.5</subfield></datafield><datafield ind1="1" ind2=" " tag="100"><subfield code="a">Deshpande, R.Y</subfield></datafield><datafield ind1="1" ind2="0" tag="245"><subfield code="a">Statistics of carrier recombination and trapping and energy resolution in silicon junction detectors</subfield><subfield code="c">R.y. deshpande</subfield></datafield><datafield ind1=" " ind2=" " tag="260"><subfield code="a">Trombay, Bombay</subfield><subfield code="b">Bhabha Atomic Research Centre</subfield><subfield code="c">1969</subfield></datafield><datafield ind1=" " ind2=" " tag="300"><subfield code="a">24P.+3 FIG</subfield></datafield><datafield ind1=" " ind2=" " tag="852"><subfield code="a">31049</subfield><subfield code="c">539.1.074.539.1.08</subfield></datafield><datafield ind1=" " ind2=" " tag="CAT"><subfield code="a">Sys</subfield><subfield code="c">20111021</subfield><subfield code="h">122118</subfield></datafield></record></collection>